@article{Akbas_Ariely_Yuksel_2016,
  title  = {When is inequality fair? {A}n experiment on the effect of procedural justice and agency},
  author = {Akba{\c{s}}, Merve and Ariely, Dan and Yuksel, Sevgi},
  year   = {2016}
}

@article{Andreoni_EJ1990,
  URL       = {http://www.jstor.org/stable/2234133},
  author    = {James Andreoni},
  journal   = {The Economic Journal},
  number    = {401},
  pages     = {464--477},
  title     = {Impure Altruism and Donations to Public Goods: {A} Theory of Warm-Glow Giving},
  volume    = {100},
  year      = {1990}
}

@article{Cappelen_Hole_Sorensen_AER2007,
  author  = {Cappelen, Alexander W. and Hole, Astri Drange and S{\o}rensen, Erik {\O} and Tungodden, Bertil},
  title   = {The Pluralism of Fairness Ideals: An Experimental Approach},
  journal = {American Economic Review},
  volume  = {97},
  number  = {3},
  year    = {2007},
  pages   = {818--827},
  URL     = {http://www.aeaweb.org/articles?id=10.1257/aer.97.3.818}
}

@article{Carlsson_He_Martinsson_EE2013,
  author  = {Carlsson, Fredrik and He, Haoran and Martinsson, Peter},
  title   = {Easy come, easy go},
  journal = {Experimental Economics},
  year    = {2013},
  volume  = {16},
  number  = {2},
  pages   = {190--207},
  URL     = {https://doi.org/10.1007/s10683-012-9326-8}
}

@article{Cherry_Frykblom_Shogren,
  author  = {Cherry, Todd L. and Frykblom, Peter and Shogren, Jason F.},
  title   = {Hardnose the Dictator },
  journal = {American Economic Review},
  volume  = {92},
  number  = {4},
  year    = {2002},
  pages   = {1218--1221},
  URL     = {http://www.aeaweb.org/articles?id=10.1257/00028280260344740}
}

@article{Erkal_Gangadharan_Nikiforakis_AER2011,
  author  = {Erkal, Nisvan and Gangadharan, Lata and Nikiforakis, Nikos},
  title   = {Relative Earnings and Giving in a Real-Effort Experiment},
  journal = {American Economic Review},
  volume  = {101},
  number  = {7},
  year    = {2011},
  month   = {December},
  pages   = {3330-48},
  url     = {http://www.aeaweb.org/articles?id                            = 10.1257/aer.101.7.3330}
}

@incollection{Fehr_Schmidt_HB2006,
  title     = {The Economics of Fairness, Reciprocity and Altruism – {E}xperimental Evidence and New Theories},
  editor    = {Serge-{C}hristophe Kolm and Jean Mercier Ythier},
  series    = {Handbook of the Economics of Giving, Altruism and Reciprocity},
  publisher = {Elsevier},
  volume    = {1},
  pages     = {615--691},
  year      = {2006},
  booktitle = {Foundations},
  issn      = {1574-0714},
  author    = {Ernst Fehr and Klaus M. Schmidt}
}

@article{Gee_Migueis_Parsa_EE2017,
  author  = {Laura K. Gee and Marco Migueis and Sahar Parsa},
  title   = {Redistributive choices and increasing income inequality: {E}xperimental evidence for income as a signal of deservingness},
  journal = {Experimental Economics},
  year    = {2017},
  volume  = {20},
  number  = {4},
  pages   = {894--923}
}

@article{Kuziemko_Norton_Saez_Stantcheva_AER2015,
  author  = {Kuziemko, Ilyana and Norton, Michael I. and Saez, Emmanuel and Stantcheva, Stefanie},
  title   = {How Elastic Are Preferences for Redistribution? {E}vidence from Randomized Survey Experiments},
  journal = {American Economic Review},
  volume  = {105},
  number  = {4},
  year    = {2015},
  month   = {April},
  pages   = {1478--1508},
  URL     = {http://www.aeaweb.org/articles?id=10.1257/aer.20130360}
}

@article{Lefgren_Sims_Stoddard,
  title    = {Effort, luck, and voting for redistribution},
  journal  = {Journal of Public Economics},
  volume   = {143},
  pages    = {89--97},
  year     = {2016},
  author   = {Lars J. Lefgren and David P. Sims and Olga B. Stoddard},
}

@article{Rabin_AER1993,
  URL     = {http://www.jstor.org/stable/2117561},
  author  = {Matthew Rabin},
  journal = {American Economic Review},
  number  = {5},
  pages   = {1281--1302},
  title   = {Incorporating Fairness into Game Theory and Economics},
  volume  = {83},
  year    = {1993}
}

@article{Alensina_Di_Tella_MacCulloch_JPub2004,
  author  = {Alesina, Alberto and {Di Tella}, Rafael and MacCulloch, Robert J.},
  journal = {Journal of Public Economics},
  number  = {9-10},
  pages   = {2009–-2042},
  title   = {Inequality and Happiness: {A}re {E}uropeans and {A}mericans Different?},
  volume  = {88},
  year    = {2004}
}

@article{Saito_AER2013,
  author  = {Saito, Kota},
  title   = {Social Preferences under Risk: {E}quality of Opportunity versus Equality of Outcome},
  journal = {American Economic Review},
  volume  = {103},
  number  = {7},
  year    = {2013},
  month   = {December},
  pages   = {3084-3101},
  doi     = {10.1257/aer.103.7.3084},
  url     = {http://www.aeaweb.org/articles?id=10.1257/aer.103.7.3084}
}

